@article{antwerpen,
 author = {van Antwerpen, Hendrik and Bach Poulsen, Casper and Rouvoet, Arjen and Visser, Eelco},
 title = {Scopes As Types},
 journal = {Proc. ACM Program. Lang.},
 issue_date = {November 2018},
 volume = {2},
 number = {OOPSLA},
 month = oct,
 year = {2018},
 issn = {2475-1421},
 pages = {114:1--114:30},
 articleno = {114},
 numpages = {30},
 url = {http://doi.acm.org/10.1145/3276484},
 doi = {10.1145/3276484},
 acmid = {3276484},
 publisher = {ACM},
 address = {New York, NY, USA},
 keywords = {domain-specific language, name resolution, scope graphs, static semantics, type checker, type system},
} 

@book{rust_book_ownership,
    title={{The Rust Programming Language}},
    url={https://doc.rust-lang.org/nomicon/ownership.html},
    edition={2},
    author = {Nicholas Matsakis and Aaron Turon},
    publisher={Rust Lang.},
    year={2017},
    chapter={Ownership}
}
